@article{Smith2020,
  author    = {John Smith and Jane Doe},
  title     = {An Innovative Approach to Machine Learning},
  journal   = {Journal of Machine Learning Research},
  year      = {2020},
  volume    = {21},
  number    = {101},
  pages     = {1-20},
}

@misc{cc_default,
    Author = {Kaggle},    
    Publisher = {Kaggle},
    Title = {Credit Card Fraud Detection},
    Url = {https://www.kaggle.com/datasets/mlg-ulb/creditcardfraud},
    Year = {2021},
    }